<?xml version="1.0" encoding="UTF-8"?><collection xmlns="http://www.loc.gov/MARC21/slim"><record><leader>00645nam--2200193-i-4500</leader><controlfield tag="001">000035596</controlfield><controlfield tag="002">20161230</controlfield><controlfield tag="005">20161230201040</controlfield><controlfield tag="008">060222s1000------------r-----000-0-eng-d</controlfield><datafield ind1=" " ind2=" " tag="040"><subfield code="a">IFIN-HH</subfield></datafield><datafield ind1=" " ind2=" " tag="080"><subfield code="a">53(075)(063)</subfield></datafield><datafield ind1="1" ind2=" " tag="100"><subfield code="a">Nogova, A./S.A.</subfield></datafield><datafield ind1="1" ind2="0" tag="245"><subfield code="a">Physics at secondary school</subfield><subfield code="b">Physics and applications volume 11 proceedings of the conference may 23-28, 1983 rackova dolina czechoslovakia</subfield><subfield code="c">A. nogova, j. pisut (eds.)</subfield></datafield><datafield ind1=" " ind2=" " tag="260"><subfield code="a">Bratislava</subfield><subfield code="b">Veda, Publishing House</subfield><subfield code="c">1984</subfield></datafield><datafield ind1=" " ind2=" " tag="300"><subfield code="a">228P</subfield></datafield><datafield ind1=" " ind2=" " tag="490"><subfield code="a">Physics And Applications</subfield><subfield code="v">Volume 11</subfield></datafield><datafield ind1="1" ind2=" " tag="700"><subfield code="a">Pisut, J</subfield><subfield code="e">Ed</subfield></datafield><datafield ind1=" " ind2=" " tag="852"><subfield code="a">44209</subfield><subfield code="c">539.12</subfield></datafield><datafield ind1=" " ind2=" " tag="CAT"><subfield code="a">Sys</subfield><subfield code="c">20111125</subfield><subfield code="h">125228</subfield></datafield></record></collection>